\@book{Квадригин,
	author = "{\relax Ф} Квадригин",		
	title = "\\На байдарке",	
	publisher = "М.:~Физкультура и спорт",
	year = 1985,
	language = "russian"
}
\@book{Качанов,
	author = "{\relax Б. О} Качанов",		
	title = "\\Карта, байда, два весла",	
	publisher = "М.:~Маска",
	year = 2012,
	pagestotal = 384,
	language = "russian"
}
\@book{Рыжавский1,
	author = "{\relax Г. Я} Рыжавский",		
	title = "\\Бассейн верхней Волги",	
	publisher = "М.:~Физкультура и спорт",
	year = 1981,
	pagestotal = 191,
	language = "russian"
}
\@book{Рыжавский2,
	author = "{\relax Г. Я} Рыжавский",		
	title = "\\По рекам и озёрам Средней России",	
	publisher = "М",
	year = 2000,
	pagestotal = 336,
	language = "russian"
}
\@book{КарельскаяВышивка,	
	author = "{\relax А. И} Анхимова",		
	title = "\\Карельская, вепсская и заонежская вышивка: народный орнамент, схемы",	
	publisher = "Петрозаводск:~Издательский центр музея <<Кижи>>",
	year = 2021,
	pagestotal = 40,	
	language = "russian"
}
\@book{ГеографГлобусПропил,
	author = "{\relax А. В} Иванов",		
	title = "\\Географ глобус пропил",	
	publisher = "СПб.:~Азбука\sdash классика",
	year = 2005,
	pagestotal = 507,
	language = "russian"
}
\@book{ТуманностьАндромеды,
	author = "{\relax И. А} Ефремов",		
	title = "\\Туманность Андромеды",	
	publisher = "М.:~ОНИКС",
	year = 2000,
	pagestotal = 349,
	language = "russian"
}
\@book{Кротов,
	author = "{\relax А. В} Кротов",		
	title = "\\Практика вольных путешествий",	
	publisher = "М.:~Лабиринт",
	year = 2015,
	pagestotal = 96,
	language = "russian"
}
\@article{БашенькинМологоШекснинскоеМеждуречье,
	author = "{\relax А. Н} Башенькин",
	title = "\\Финны, угры, балты, славяне и скандинавы в Молого\sdash Шекснинском междуречье",
	journal = " Русская культура нового столетия: Проблемы изучения, сохранения и использования историко\sdash культурного наследия / Гл.~ред. Г.В.~Судаков. Сост.~С.А.~Тихомиров",
	note = "Вологда: Книжное наследие",
	pagestotal = 838,
	year = 2007,
	language = "russian"
}
\@book{ЧагодаАльманахБашенькин,
	author = "{\relax А. Н} Башенькин",		
	title = "\\Археологические памятники Чагодощенского района / Чагода: Историко\sdash краеведческий альманах.",	
	publisher = "Вологда: Ардвисура",
	year = 1999,
	pagestotal = 298,	
	language = "russian"
}
\@book{ЧагодаАльманахКузнецов,
	author = "{\relax А. В} Кузнецов",		
	title = "\\Топонимы помостья / Чагода: Историко\sdash краеведческий альманах.",	
	publisher = "Вологда: Ардвисура",
	year = 1999,
	pagestotal = 298,
	language = "russian"
}
\@book{Территория,
	author = "{\relax О. М} Куваев",		
	title = "\\Территория",	
	publisher = "М.:~Омега-Л",
	year = 2021,
	pagestotal = 317,
	language = "russian"
}
\@book{МоскваПетушки,
	author = "{\relax В. В} Ерофеев",		
	title = "\\Москва\thinspace\nobreakdash---\thinspace Петушки",	
	publisher = "М.:~Азбука",
	year = 2020,
	pagestotal = 192,
	language = "russian"
}
\@book{Королькова,
	author = "{\relax Л. В} Королькова",		
	title = "\\Традиционная вышивка народов Ленинградской области",	
	publisher = "СПб.:~ООО~<<Издательский дом ,,Инкери''>>",
	year = 2016,
	pagestotal = 224,
	language = "russian"
}
\@book{МорскойСправочник,
	author = "{\relax Н. Н} Исанин",		
	title = "\\Морской энциклопедический справочник: В двух томах / Под ред. Н.Н. Исанина",	
	publisher = "Л.:~Судостроение",
	year = 1986,
	language = "russian"
}
\@book{ЛенинПСС,
	author = "{\relax В. И} Ленин",		
	title = "\\Полное собрание сочинений, Т.~35",
	publisher = "М.:~Издательство политической литературы",
	year = 1974,
	language = "russian"
}
\@article{КатераиЯхтыЛидь,
	author = "{\relax Л. А} Плечко",
	title = "\\По рекам Лидь, Чагодища и Молога",
	journal = "Катера и яхты",
	publisher = "Л.:~Судостроение",
	volume  = "4",
	number  = "50",
	pages   = "28--30",
	year = 1974,
	language = "russian"
}
\@book{ДетскаяЭнциклопедия,
	author = "ДЭ",		
	title = "Детская энциклопедия: В 12 томах / Академия педагогических наук РСФСР",
	publisher = "М.:~Просвещение",
	year = 1965,
	language = "russian"
}
@online{latexsite,	
	title = "Latex",
	url  = "https://www.latex-project.org"
}
\@book{СоболевВепсскаяЛетопись,
	author = "{\relax А. А} Соболев",		
	title = "\\Вепсская летопись.\\Сборник повестей о сплавах на байдарке",	
	publisher = "\\М.:~ООО~<<ИПЦ ,,Маска''>>",
	year = 2023,
	language = "russian"
}
\@book{СоболевЛидьЧагодаЧагодоща,
	author = "{\relax А. А} Соболев",		
	title = "\\Повесть о сплаве на байдарке\\по рекам Лидь, Чагода, Чагодоща.",	
	publisher = "\\М.:~ООО~<<ИПЦ ,,Маска''>>",
	isbn = "978-5-6048796-4-1",
	year = 2022,
	language = "russian"
}
\@book{Шилов,
	author = "{\relax А. Л} Шилов",		
	title = "\\На байдарке по Карелии",	
	year = 2005,
	language = "russian"
}
\@book{МастерМаргарита,
	author = "{\relax М. А} Булгаков",		
	title = "\\Мастер и Маргарита",	
	publisher = "АСТ",
	year = 2023,
	language = "russian"
}
\@book{ПрокудинГорский,
	author = "{\relax С. М} Прокудин-Горский",		
	title = "\\Собрание фотографий Российской Империи",	
	publisher = "\\Выставка Библиотеки Конгресса",
	year = 1905,
	url = "{https://www.loc.gov/collections/prokudin-gorskii/}",
	language = "russian"
}
\@book{ЛебедевЛадога,
	author = "{\relax Г. С} Лебедев",		
	title = "\\Археология Ладоги // Эпоха викингов в Северной Европе и на Руси",
	publisher = "СПб.: Евразия",
	year = 2005,
	language = "russian"
}
\@book{Кун,
	author = "{\relax Н. А} Кун",		
	title = "\\Легенды и мифы Древней Греции и Древнего Рима",
	publisher = "М.:~Издательство",
	year = 2000,
	language = "russian"
}
\@article{ЛенинОпиумДляНарода,
	author = "{\relax В. И} Ленин",		
	title = "\\Социализм и религия",
	journal = "\\<<Новая Жизнь>>",
	volume = 28,
	year = 1905,
	language = "russian"
}

